<?xml version="1.0" encoding="UTF-8"?><record xmlns="http://www.loc.gov/MARC21/slim" xmlns:cinclude="http://apache.org/cocoon/include/1.0" xmlns:zs="http://www.loc.gov/zing/srw/">
  <leader>00463nz  a2200133n  4500</leader>
  <controlfield tag="001">no2009116845</controlfield>
  <controlfield tag="003">DLC</controlfield>
  <controlfield tag="005">20090731075516.0</controlfield>
  <controlfield tag="008">090729n| acannaabn          |n aaa     c</controlfield>
  <datafield tag="010" ind1=" " ind2=" ">
    <subfield code="a">no2009116845</subfield>
  </datafield>
  <datafield tag="035" ind1=" " ind2=" ">
    <subfield code="a">(OCoLC)oca08187878</subfield>
  </datafield>
  <datafield tag="040" ind1=" " ind2=" ">
    <subfield code="a">DGU-L</subfield>
    <subfield code="b">eng</subfield>
    <subfield code="c">DGU-L</subfield>
  </datafield>
  <datafield tag="100" ind1="1" ind2=" ">
    <subfield code="a">Cristau, Antoine</subfield>
  </datafield>
  <datafield tag="670" ind1=" " ind2=" ">
    <subfield code="a">Droit du travail, c2008:</subfield>
    <subfield code="b">t.p. (Antoine Cristau, Maître de conférences des universités, Maître de conférences à l'Institut d'études politiques de Paris)</subfield>
  </datafield>
</record>